%YAML 1.1
%TAG !u! tag:unity3d.com,2011:
--- !u!1 &7726886147664464646
GameObject:
  m_ObjectHideFlags: 0
  m_CorrespondingSourceObject: {fileID: 0}
  m_PrefabInstance: {fileID: 0}
  m_PrefabAsset: {fileID: 0}
  serializedVersion: 6
  m_Component:
  - component: {fileID: 7726886147664464641}
  m_Layer: 0
  m_Name: Teleporters
  m_TagString: Untagged
  m_Icon: {fileID: 0}
  m_NavMeshLayer: 0
  m_StaticEditorFlags: 0
  m_IsActive: 1
--- !u!4 &7726886147664464641
Transform:
  m_ObjectHideFlags: 0
  m_CorrespondingSourceObject: {fileID: 0}
  m_PrefabInstance: {fileID: 0}
  m_PrefabAsset: {fileID: 0}
  m_GameObject: {fileID: 7726886147664464646}
  m_LocalRotation: {x: -0, y: -0, z: -0, w: 1}
  m_LocalPosition: {x: 1.2643893, y: 2.4564242, z: -13.769145}
  m_LocalScale: {x: 1, y: 1, z: 1}
  m_Children:
  - {fileID: 7726886147755496707}
  - {fileID: 7726886147673519040}
  m_Father: {fileID: 7726886147699887511}
  m_RootOrder: 3
  m_LocalEulerAnglesHint: {x: 0, y: 0, z: 0}
--- !u!1 &7726886147673519041
GameObject:
  m_ObjectHideFlags: 0
  m_CorrespondingSourceObject: {fileID: 0}
  m_PrefabInstance: {fileID: 0}
  m_PrefabAsset: {fileID: 0}
  serializedVersion: 6
  m_Component:
  - component: {fileID: 7726886147673519040}
  - component: {fileID: 7726886147673519042}
  - component: {fileID: 7726886147673519043}
  m_Layer: 0
  m_Name: DashTeleporter
  m_TagString: Untagged
  m_Icon: {fileID: 0}
  m_NavMeshLayer: 0
  m_StaticEditorFlags: 0
  m_IsActive: 0
--- !u!4 &7726886147673519040
Transform:
  m_ObjectHideFlags: 0
  m_CorrespondingSourceObject: {fileID: 0}
  m_PrefabInstance: {fileID: 0}
  m_PrefabAsset: {fileID: 0}
  m_GameObject: {fileID: 7726886147673519041}
  m_LocalRotation: {x: -0, y: -0, z: -0, w: 1}
  m_LocalPosition: {x: 0, y: 0, z: 0}
  m_LocalScale: {x: 1, y: 1, z: 1}
  m_Children: []
  m_Father: {fileID: 7726886147664464641}
  m_RootOrder: 1
  m_LocalEulerAnglesHint: {x: 0, y: 0, z: 0}
--- !u!114 &7726886147673519042
MonoBehaviour:
  m_ObjectHideFlags: 0
  m_CorrespondingSourceObject: {fileID: 0}
  m_PrefabInstance: {fileID: 0}
  m_PrefabAsset: {fileID: 0}
  m_GameObject: {fileID: 7726886147673519041}
  m_Enabled: 1
  m_EditorHideFlags: 0
  m_Script: {fileID: 11500000, guid: 3d7b32d2866a5194e95e1a525bd0d06f, type: 3}
  m_Name: 
  m_EditorClassIdentifier: 
  blinkToColor: {r: 0, g: 0, b: 0, a: 1}
  blinkTransitionSpeed: 0
  distanceBlinkDelay: 0
  headsetPositionCompensation: 1
  targetListPolicy: {fileID: 0}
  navMeshData: {fileID: 0}
  navMeshLimitDistance: 0
  snapToNearestFloor: 1
  applyPlayareaParentOffset: 0
  customRaycast: {fileID: 0}
  normalLerpTime: 0.1
  minSpeedMps: 50
  capsuleTopOffset: 0.2
  capsuleBottomOffset: 0.5
  capsuleRadius: 0.5
--- !u!114 &7726886147673519043
MonoBehaviour:
  m_ObjectHideFlags: 0
  m_CorrespondingSourceObject: {fileID: 0}
  m_PrefabInstance: {fileID: 0}
  m_PrefabAsset: {fileID: 0}
  m_GameObject: {fileID: 7726886147673519041}
  m_Enabled: 1
  m_EditorHideFlags: 0
  m_Script: {fileID: 11500000, guid: 174429e04b0388249a137b2dc0050b66, type: 3}
  m_Name: 
  m_EditorClassIdentifier: 
  enableTeleport: 1
  targetListPolicy: {fileID: 0}
  enableBodyCollisions: 1
  ignoreGrabbedCollisions: 1
  ignoreCollisionsWith: []
  headsetYOffset: 0.2
  movementThreshold: 0.0015
  playAreaMovementThreshold: 0.00075
  standingHistorySamples: 5
  leanYThreshold: 0.5
  stepUpYOffset: 0.15
  stepThicknessMultiplier: 0.5
  stepDropThreshold: 0.08
  customRaycast: {fileID: 0}
  fallRestriction: 0
  gravityFallYThreshold: 0.1
  blinkYThreshold: 0
  floorHeightTolerance: 0.001
  fallCheckPrecision: 5
  teleporter: {fileID: 0}
  customPlayAreaRigidbody: {fileID: 0}
  customBodyColliderContainer: {fileID: 0}
  customFootColliderContainer: {fileID: 0}
--- !u!1 &7726886147699887508
GameObject:
  m_ObjectHideFlags: 0
  m_CorrespondingSourceObject: {fileID: 0}
  m_PrefabInstance: {fileID: 0}
  m_PrefabAsset: {fileID: 0}
  serializedVersion: 6
  m_Component:
  - component: {fileID: 7726886147699887511}
  m_Layer: 0
  m_Name: VRTK
  m_TagString: Untagged
  m_Icon: {fileID: 0}
  m_NavMeshLayer: 0
  m_StaticEditorFlags: 0
  m_IsActive: 1
--- !u!4 &7726886147699887511
Transform:
  m_ObjectHideFlags: 0
  m_CorrespondingSourceObject: {fileID: 0}
  m_PrefabInstance: {fileID: 0}
  m_PrefabAsset: {fileID: 0}
  m_GameObject: {fileID: 7726886147699887508}
  m_LocalRotation: {x: 0, y: 0, z: 0, w: 1}
  m_LocalPosition: {x: -1.2643893, y: -2.4564242, z: 13.769145}
  m_LocalScale: {x: 1, y: 1, z: 1}
  m_Children:
  - {fileID: 7726886148670365884}
  - {fileID: 7726886148356391331}
  - {fileID: 7726886148341561739}
  - {fileID: 7726886147664464641}
  m_Father: {fileID: 0}
  m_RootOrder: 0
  m_LocalEulerAnglesHint: {x: 0, y: 0, z: 0}
--- !u!1 &7726886147739679118
GameObject:
  m_ObjectHideFlags: 0
  m_CorrespondingSourceObject: {fileID: 0}
  m_PrefabInstance: {fileID: 0}
  m_PrefabAsset: {fileID: 0}
  serializedVersion: 6
  m_Component:
  - component: {fileID: 7726886147739679113}
  - component: {fileID: 7726886147739679112}
  m_Layer: 0
  m_Name: SteamVR
  m_TagString: Untagged
  m_Icon: {fileID: 0}
  m_NavMeshLayer: 0
  m_StaticEditorFlags: 0
  m_IsActive: 1
--- !u!4 &7726886147739679113
Transform:
  m_ObjectHideFlags: 0
  m_CorrespondingSourceObject: {fileID: 0}
  m_PrefabInstance: {fileID: 0}
  m_PrefabAsset: {fileID: 0}
  m_GameObject: {fileID: 7726886147739679118}
  m_LocalRotation: {x: 0, y: 0, z: 0, w: 1}
  m_LocalPosition: {x: 0, y: 0, z: 0}
  m_LocalScale: {x: 1, y: 1, z: 1}
  m_Children:
  - {fileID: 7725099466109353370}
  - {fileID: 7726886148646890715}
  m_Father: {fileID: 7726886148197261107}
  m_RootOrder: 0
  m_LocalEulerAnglesHint: {x: 0, y: 0, z: 0}
--- !u!114 &7726886147739679112
MonoBehaviour:
  m_ObjectHideFlags: 0
  m_CorrespondingSourceObject: {fileID: 0}
  m_PrefabInstance: {fileID: 0}
  m_PrefabAsset: {fileID: 0}
  m_GameObject: {fileID: 7726886147739679118}
  m_Enabled: 1
  m_EditorHideFlags: 0
  m_Script: {fileID: 11500000, guid: eeda6d41317f444b900e374895f14e95, type: 3}
  m_Name: 
  m_EditorClassIdentifier: 
  autoPopulateObjectReferences: 0
  actualBoundaries: {fileID: 7728007001499206974}
  actualHeadset: {fileID: 7728045113877349534}
  actualLeftController: {fileID: 7727572713680774050}
  actualRightController: {fileID: 7727488860676086520}
  modelAliasLeftController: {fileID: 7727844875957580446}
  modelAliasRightController: {fileID: 7727802557522973426}
  cachedSystemSDKInfo:
    baseTypeName: VRTK.SDK_BaseSystem
    fallbackTypeName: VRTK.SDK_FallbackSystem
    typeName: VRTK.SDK_SteamVRSystem
    descriptionIndex: 0
  cachedBoundariesSDKInfo:
    baseTypeName: VRTK.SDK_BaseBoundaries
    fallbackTypeName: VRTK.SDK_FallbackBoundaries
    typeName: VRTK.SDK_SteamVRBoundaries
    descriptionIndex: 0
  cachedHeadsetSDKInfo:
    baseTypeName: VRTK.SDK_BaseHeadset
    fallbackTypeName: VRTK.SDK_FallbackHeadset
    typeName: VRTK.SDK_SteamVRHeadset
    descriptionIndex: 0
  cachedControllerSDKInfo:
    baseTypeName: VRTK.SDK_BaseController
    fallbackTypeName: VRTK.SDK_FallbackController
    typeName: VRTK.SDK_SteamVRController
    descriptionIndex: 0
--- !u!1 &7726886147755496704
GameObject:
  m_ObjectHideFlags: 0
  m_CorrespondingSourceObject: {fileID: 0}
  m_PrefabInstance: {fileID: 0}
  m_PrefabAsset: {fileID: 0}
  serializedVersion: 6
  m_Component:
  - component: {fileID: 7726886147755496707}
  - component: {fileID: 7726886147755496706}
  - component: {fileID: 7726886147755496717}
  m_Layer: 0
  m_Name: BlinkTeleporter
  m_TagString: Untagged
  m_Icon: {fileID: 0}
  m_NavMeshLayer: 0
  m_StaticEditorFlags: 0
  m_IsActive: 1
--- !u!4 &7726886147755496707
Transform:
  m_ObjectHideFlags: 0
  m_CorrespondingSourceObject: {fileID: 0}
  m_PrefabInstance: {fileID: 0}
  m_PrefabAsset: {fileID: 0}
  m_GameObject: {fileID: 7726886147755496704}
  m_LocalRotation: {x: -0, y: -0, z: -0, w: 1}
  m_LocalPosition: {x: 0, y: 0, z: 0}
  m_LocalScale: {x: 1, y: 1, z: 1}
  m_Children: []
  m_Father: {fileID: 7726886147664464641}
  m_RootOrder: 0
  m_LocalEulerAnglesHint: {x: 0, y: 0, z: 0}
--- !u!114 &7726886147755496706
MonoBehaviour:
  m_ObjectHideFlags: 0
  m_CorrespondingSourceObject: {fileID: 0}
  m_PrefabInstance: {fileID: 0}
  m_PrefabAsset: {fileID: 0}
  m_GameObject: {fileID: 7726886147755496704}
  m_Enabled: 1
  m_EditorHideFlags: 0
  m_Script: {fileID: 11500000, guid: 377ced3493c4e1842a5b1c23f56519db, type: 3}
  m_Name: 
  m_EditorClassIdentifier: 
  blinkToColor: {r: 0, g: 0, b: 0, a: 1}
  blinkTransitionSpeed: 0.6
  distanceBlinkDelay: 0
  headsetPositionCompensation: 1
  targetListPolicy: {fileID: 7726886148341561738}
  navMeshData: {fileID: 0}
  navMeshLimitDistance: 0
  snapToNearestFloor: 1
  applyPlayareaParentOffset: 0
  customRaycast: {fileID: 0}
--- !u!114 &7726886147755496717
MonoBehaviour:
  m_ObjectHideFlags: 0
  m_CorrespondingSourceObject: {fileID: 0}
  m_PrefabInstance: {fileID: 0}
  m_PrefabAsset: {fileID: 0}
  m_GameObject: {fileID: 7726886147755496704}
  m_Enabled: 1
  m_EditorHideFlags: 0
  m_Script: {fileID: 11500000, guid: 174429e04b0388249a137b2dc0050b66, type: 3}
  m_Name: 
  m_EditorClassIdentifier: 
  enableTeleport: 1
  targetListPolicy: {fileID: 0}
  enableBodyCollisions: 1
  ignoreGrabbedCollisions: 1
  ignoreCollisionsWith: []
  headsetYOffset: 0.2
  movementThreshold: 0.0015
  playAreaMovementThreshold: 0.00075
  standingHistorySamples: 5
  leanYThreshold: 0.5
  stepUpYOffset: 0.15
  stepThicknessMultiplier: 0.5
  stepDropThreshold: 0.08
  customRaycast: {fileID: 0}
  fallRestriction: 0
  gravityFallYThreshold: 1
  blinkYThreshold: 0.15
  floorHeightTolerance: 0.001
  fallCheckPrecision: 5
  teleporter: {fileID: 0}
  customPlayAreaRigidbody: {fileID: 0}
  customBodyColliderContainer: {fileID: 0}
  customFootColliderContainer: {fileID: 0}
--- !u!1 &7726886148197261104
GameObject:
  m_ObjectHideFlags: 0
  m_CorrespondingSourceObject: {fileID: 0}
  m_PrefabInstance: {fileID: 0}
  m_PrefabAsset: {fileID: 0}
  serializedVersion: 6
  m_Component:
  - component: {fileID: 7726886148197261107}
  m_Layer: 0
  m_Name: '[VRTK_SDKSetups]'
  m_TagString: Untagged
  m_Icon: {fileID: 0}
  m_NavMeshLayer: 0
  m_StaticEditorFlags: 0
  m_IsActive: 1
--- !u!4 &7726886148197261107
Transform:
  m_ObjectHideFlags: 0
  m_CorrespondingSourceObject: {fileID: 0}
  m_PrefabInstance: {fileID: 0}
  m_PrefabAsset: {fileID: 0}
  m_GameObject: {fileID: 7726886148197261104}
  m_LocalRotation: {x: 0, y: 0, z: 0, w: 1}
  m_LocalPosition: {x: 0, y: 0, z: 0}
  m_LocalScale: {x: 1, y: 1, z: 1}
  m_Children:
  - {fileID: 7726886147739679113}
  m_Father: {fileID: 7726886148670365884}
  m_RootOrder: 0
  m_LocalEulerAnglesHint: {x: 0, y: 0, z: 0}
--- !u!1 &7726886148341561736
GameObject:
  m_ObjectHideFlags: 0
  m_CorrespondingSourceObject: {fileID: 0}
  m_PrefabInstance: {fileID: 0}
  m_PrefabAsset: {fileID: 0}
  serializedVersion: 6
  m_Component:
  - component: {fileID: 7726886148341561739}
  - component: {fileID: 7726886148341561738}
  m_Layer: 0
  m_Name: TeleporterPolicyList
  m_TagString: Untagged
  m_Icon: {fileID: 0}
  m_NavMeshLayer: 0
  m_StaticEditorFlags: 0
  m_IsActive: 1
--- !u!4 &7726886148341561739
Transform:
  m_ObjectHideFlags: 0
  m_CorrespondingSourceObject: {fileID: 0}
  m_PrefabInstance: {fileID: 0}
  m_PrefabAsset: {fileID: 0}
  m_GameObject: {fileID: 7726886148341561736}
  m_LocalRotation: {x: -0, y: -0, z: -0, w: 1}
  m_LocalPosition: {x: 1.2643893, y: 2.4564242, z: -13.769145}
  m_LocalScale: {x: 1, y: 1, z: 1}
  m_Children: []
  m_Father: {fileID: 7726886147699887511}
  m_RootOrder: 2
  m_LocalEulerAnglesHint: {x: 0, y: 0, z: 0}
--- !u!114 &7726886148341561738
MonoBehaviour:
  m_ObjectHideFlags: 0
  m_CorrespondingSourceObject: {fileID: 0}
  m_PrefabInstance: {fileID: 0}
  m_PrefabAsset: {fileID: 0}
  m_GameObject: {fileID: 7726886148341561736}
  m_Enabled: 1
  m_EditorHideFlags: 0
  m_Script: {fileID: 11500000, guid: 2ed2aa1a29b92ca4f84a26a5f6e9218b, type: 3}
  m_Name: 
  m_EditorClassIdentifier: 
  operation: 0
  checkType: 1
  identifiers:
  - ExcludeTeleport
--- !u!1 &7726886148670365874
GameObject:
  m_ObjectHideFlags: 0
  m_CorrespondingSourceObject: {fileID: 0}
  m_PrefabInstance: {fileID: 0}
  m_PrefabAsset: {fileID: 0}
  serializedVersion: 6
  m_Component:
  - component: {fileID: 7726886148670365884}
  - component: {fileID: 7726886148670365885}
  - component: {fileID: 7726886148670365887}
  m_Layer: 0
  m_Name: '[VRTK_SDKManager]'
  m_TagString: Untagged
  m_Icon: {fileID: 0}
  m_NavMeshLayer: 0
  m_StaticEditorFlags: 0
  m_IsActive: 1
--- !u!4 &7726886148670365884
Transform:
  m_ObjectHideFlags: 0
  m_CorrespondingSourceObject: {fileID: 0}
  m_PrefabInstance: {fileID: 0}
  m_PrefabAsset: {fileID: 0}
  m_GameObject: {fileID: 7726886148670365874}
  m_LocalRotation: {x: -0, y: -0, z: -0, w: 1}
  m_LocalPosition: {x: 0, y: 0, z: 0}
  m_LocalScale: {x: 1, y: 1, z: 1}
  m_Children:
  - {fileID: 7726886148197261107}
  m_Father: {fileID: 7726886147699887511}
  m_RootOrder: 0
  m_LocalEulerAnglesHint: {x: 0, y: 0, z: 0}
--- !u!114 &7726886148670365885
MonoBehaviour:
  m_ObjectHideFlags: 0
  m_CorrespondingSourceObject: {fileID: 0}
  m_PrefabInstance: {fileID: 0}
  m_PrefabAsset: {fileID: 0}
  m_GameObject: {fileID: 7726886148670365874}
  m_Enabled: 1
  m_EditorHideFlags: 0
  m_Script: {fileID: 11500000, guid: 5837af0260a118e4d808bfe0405429a1, type: 3}
  m_Name: 
  m_EditorClassIdentifier: 
  autoManageScriptDefines: 1
  activeScriptingDefineSymbolsWithoutSDKClasses: []
  scriptAliasLeftController: {fileID: 7726886147522387261}
  scriptAliasRightController: {fileID: 7726886148941444722}
  autoManageVRSettings: 1
  autoLoadSetup: 1
  setups:
  - {fileID: 7726886147739679112}
  excludeTargetGroups: 1a0000001b000000
  persistOnLoad: 0
--- !u!114 &7726886148670365887
MonoBehaviour:
  m_ObjectHideFlags: 0
  m_CorrespondingSourceObject: {fileID: 0}
  m_PrefabInstance: {fileID: 0}
  m_PrefabAsset: {fileID: 0}
  m_GameObject: {fileID: 7726886148670365874}
  m_Enabled: 0
  m_EditorHideFlags: 0
  m_Script: {fileID: 11500000, guid: dbd363faecdfb6d4da2d9cdab9de34f8, type: 3}
  m_Name: 
  m_EditorClassIdentifier: 
  forceOculusFloorLevel: 1
--- !u!1001 &1095198342001069584
PrefabInstance:
  m_ObjectHideFlags: 0
  serializedVersion: 2
  m_Modification:
    m_TransformParent: {fileID: 7726886147699887511}
    m_Modifications:
    - target: {fileID: 7208441205954793392, guid: e29cec2678a369d40abb6347ee8b89c2,
        type: 3}
      propertyPath: m_Name
      value: '[VRTK_Scripts]'
      objectReference: {fileID: 0}
    - target: {fileID: 7208441205954793395, guid: e29cec2678a369d40abb6347ee8b89c2,
        type: 3}
      propertyPath: m_LocalPosition.x
      value: 1.2643893
      objectReference: {fileID: 0}
    - target: {fileID: 7208441205954793395, guid: e29cec2678a369d40abb6347ee8b89c2,
        type: 3}
      propertyPath: m_LocalPosition.y
      value: 2.4564242
      objectReference: {fileID: 0}
    - target: {fileID: 7208441205954793395, guid: e29cec2678a369d40abb6347ee8b89c2,
        type: 3}
      propertyPath: m_LocalPosition.z
      value: -13.769145
      objectReference: {fileID: 0}
    - target: {fileID: 7208441205954793395, guid: e29cec2678a369d40abb6347ee8b89c2,
        type: 3}
      propertyPath: m_LocalRotation.x
      value: -0
      objectReference: {fileID: 0}
    - target: {fileID: 7208441205954793395, guid: e29cec2678a369d40abb6347ee8b89c2,
        type: 3}
      propertyPath: m_LocalRotation.y
      value: -0
      objectReference: {fileID: 0}
    - target: {fileID: 7208441205954793395, guid: e29cec2678a369d40abb6347ee8b89c2,
        type: 3}
      propertyPath: m_LocalRotation.z
      value: -0
      objectReference: {fileID: 0}
    - target: {fileID: 7208441205954793395, guid: e29cec2678a369d40abb6347ee8b89c2,
        type: 3}
      propertyPath: m_LocalRotation.w
      value: 1
      objectReference: {fileID: 0}
    - target: {fileID: 7208441205954793395, guid: e29cec2678a369d40abb6347ee8b89c2,
        type: 3}
      propertyPath: m_RootOrder
      value: 1
      objectReference: {fileID: 0}
    - target: {fileID: 7208441205954793395, guid: e29cec2678a369d40abb6347ee8b89c2,
        type: 3}
      propertyPath: m_LocalEulerAnglesHint.x
      value: 0
      objectReference: {fileID: 0}
    - target: {fileID: 7208441205954793395, guid: e29cec2678a369d40abb6347ee8b89c2,
        type: 3}
      propertyPath: m_LocalEulerAnglesHint.y
      value: 0
      objectReference: {fileID: 0}
    - target: {fileID: 7208441205954793395, guid: e29cec2678a369d40abb6347ee8b89c2,
        type: 3}
      propertyPath: m_LocalEulerAnglesHint.z
      value: 0
      objectReference: {fileID: 0}
    - target: {fileID: 7208441206326907689, guid: e29cec2678a369d40abb6347ee8b89c2,
        type: 3}
      propertyPath: m_Enabled
      value: 0
      objectReference: {fileID: 0}
    - target: {fileID: 7208441206326907689, guid: e29cec2678a369d40abb6347ee8b89c2,
        type: 3}
      propertyPath: targetListPolicy
      value: 
      objectReference: {fileID: 7726886148341561738}
    - target: {fileID: 7208441206326907694, guid: e29cec2678a369d40abb6347ee8b89c2,
        type: 3}
      propertyPath: m_Enabled
      value: 0
      objectReference: {fileID: 0}
    - target: {fileID: 7208441205432547438, guid: e29cec2678a369d40abb6347ee8b89c2,
        type: 3}
      propertyPath: m_Enabled
      value: 0
      objectReference: {fileID: 0}
    - target: {fileID: 7208441205432547438, guid: e29cec2678a369d40abb6347ee8b89c2,
        type: 3}
      propertyPath: targetListPolicy
      value: 
      objectReference: {fileID: 7726886148341561738}
    - target: {fileID: 7208441205432547439, guid: e29cec2678a369d40abb6347ee8b89c2,
        type: 3}
      propertyPath: m_Enabled
      value: 0
      objectReference: {fileID: 0}
    m_RemovedComponents: []
  m_SourcePrefab: {fileID: 100100000, guid: e29cec2678a369d40abb6347ee8b89c2, type: 3}
--- !u!1 &7726886147522387261 stripped
GameObject:
  m_CorrespondingSourceObject: {fileID: 7208441206326907693, guid: e29cec2678a369d40abb6347ee8b89c2,
    type: 3}
  m_PrefabInstance: {fileID: 1095198342001069584}
  m_PrefabAsset: {fileID: 0}
--- !u!1 &7726886148941444722 stripped
GameObject:
  m_CorrespondingSourceObject: {fileID: 7208441205432547426, guid: e29cec2678a369d40abb6347ee8b89c2,
    type: 3}
  m_PrefabInstance: {fileID: 1095198342001069584}
  m_PrefabAsset: {fileID: 0}
--- !u!4 &7726886148356391331 stripped
Transform:
  m_CorrespondingSourceObject: {fileID: 7208441205954793395, guid: e29cec2678a369d40abb6347ee8b89c2,
    type: 3}
  m_PrefabInstance: {fileID: 1095198342001069584}
  m_PrefabAsset: {fileID: 0}
--- !u!1001 &7726886148110355816
PrefabInstance:
  m_ObjectHideFlags: 0
  serializedVersion: 2
  m_Modification:
    m_TransformParent: {fileID: 7726886147739679113}
    m_Modifications:
    - target: {fileID: 1142869793867862, guid: bf30eb16cc26b774e8aed73fb6c17a1f, type: 3}
      propertyPath: m_Name
      value: '[CameraRig]'
      objectReference: {fileID: 0}
    - target: {fileID: 4075939835212018, guid: bf30eb16cc26b774e8aed73fb6c17a1f, type: 3}
      propertyPath: m_LocalPosition.x
      value: 0
      objectReference: {fileID: 0}
    - target: {fileID: 4075939835212018, guid: bf30eb16cc26b774e8aed73fb6c17a1f, type: 3}
      propertyPath: m_LocalPosition.y
      value: 0
      objectReference: {fileID: 0}
    - target: {fileID: 4075939835212018, guid: bf30eb16cc26b774e8aed73fb6c17a1f, type: 3}
      propertyPath: m_LocalPosition.z
      value: 0
      objectReference: {fileID: 0}
    - target: {fileID: 4075939835212018, guid: bf30eb16cc26b774e8aed73fb6c17a1f, type: 3}
      propertyPath: m_LocalRotation.x
      value: -0
      objectReference: {fileID: 0}
    - target: {fileID: 4075939835212018, guid: bf30eb16cc26b774e8aed73fb6c17a1f, type: 3}
      propertyPath: m_LocalRotation.y
      value: -0
      objectReference: {fileID: 0}
    - target: {fileID: 4075939835212018, guid: bf30eb16cc26b774e8aed73fb6c17a1f, type: 3}
      propertyPath: m_LocalRotation.z
      value: -0
      objectReference: {fileID: 0}
    - target: {fileID: 4075939835212018, guid: bf30eb16cc26b774e8aed73fb6c17a1f, type: 3}
      propertyPath: m_LocalRotation.w
      value: 1
      objectReference: {fileID: 0}
    - target: {fileID: 4075939835212018, guid: bf30eb16cc26b774e8aed73fb6c17a1f, type: 3}
      propertyPath: m_RootOrder
      value: 0
      objectReference: {fileID: 0}
    - target: {fileID: 4075939835212018, guid: bf30eb16cc26b774e8aed73fb6c17a1f, type: 3}
      propertyPath: m_LocalEulerAnglesHint.x
      value: 0
      objectReference: {fileID: 0}
    - target: {fileID: 4075939835212018, guid: bf30eb16cc26b774e8aed73fb6c17a1f, type: 3}
      propertyPath: m_LocalEulerAnglesHint.y
      value: 0
      objectReference: {fileID: 0}
    - target: {fileID: 4075939835212018, guid: bf30eb16cc26b774e8aed73fb6c17a1f, type: 3}
      propertyPath: m_LocalEulerAnglesHint.z
      value: 0
      objectReference: {fileID: 0}
    m_RemovedComponents: []
  m_SourcePrefab: {fileID: 100100000, guid: bf30eb16cc26b774e8aed73fb6c17a1f, type: 3}
--- !u!1 &7727488860676086520 stripped
GameObject:
  m_CorrespondingSourceObject: {fileID: 1939736287762320, guid: bf30eb16cc26b774e8aed73fb6c17a1f,
    type: 3}
  m_PrefabInstance: {fileID: 7726886148110355816}
  m_PrefabAsset: {fileID: 0}
--- !u!1 &7727844875957580446 stripped
GameObject:
  m_CorrespondingSourceObject: {fileID: 1614064963239926, guid: bf30eb16cc26b774e8aed73fb6c17a1f,
    type: 3}
  m_PrefabInstance: {fileID: 7726886148110355816}
  m_PrefabAsset: {fileID: 0}
--- !u!1 &7727572713680774050 stripped
GameObject:
  m_CorrespondingSourceObject: {fileID: 1882859991248586, guid: bf30eb16cc26b774e8aed73fb6c17a1f,
    type: 3}
  m_PrefabInstance: {fileID: 7726886148110355816}
  m_PrefabAsset: {fileID: 0}
--- !u!4 &7725099466109353370 stripped
Transform:
  m_CorrespondingSourceObject: {fileID: 4075939835212018, guid: bf30eb16cc26b774e8aed73fb6c17a1f,
    type: 3}
  m_PrefabInstance: {fileID: 7726886148110355816}
  m_PrefabAsset: {fileID: 0}
--- !u!1 &7728007001499206974 stripped
GameObject:
  m_CorrespondingSourceObject: {fileID: 1142869793867862, guid: bf30eb16cc26b774e8aed73fb6c17a1f,
    type: 3}
  m_PrefabInstance: {fileID: 7726886148110355816}
  m_PrefabAsset: {fileID: 0}
--- !u!1 &7728045113877349534 stripped
GameObject:
  m_CorrespondingSourceObject: {fileID: 1374480850700790, guid: bf30eb16cc26b774e8aed73fb6c17a1f,
    type: 3}
  m_PrefabInstance: {fileID: 7726886148110355816}
  m_PrefabAsset: {fileID: 0}
--- !u!1 &7727802557522973426 stripped
GameObject:
  m_CorrespondingSourceObject: {fileID: 1620096854400922, guid: bf30eb16cc26b774e8aed73fb6c17a1f,
    type: 3}
  m_PrefabInstance: {fileID: 7726886148110355816}
  m_PrefabAsset: {fileID: 0}
--- !u!1001 &7726886148646956085
PrefabInstance:
  m_ObjectHideFlags: 0
  serializedVersion: 2
  m_Modification:
    m_TransformParent: {fileID: 7726886147739679113}
    m_Modifications:
    - target: {fileID: 132594, guid: 4f35fa249b5008c44ac2998be6f82d4d, type: 3}
      propertyPath: m_Name
      value: '[SteamVR]'
      objectReference: {fileID: 0}
    - target: {fileID: 458990, guid: 4f35fa249b5008c44ac2998be6f82d4d, type: 3}
      propertyPath: m_LocalPosition.x
      value: 0
      objectReference: {fileID: 0}
    - target: {fileID: 458990, guid: 4f35fa249b5008c44ac2998be6f82d4d, type: 3}
      propertyPath: m_LocalPosition.y
      value: 0
      objectReference: {fileID: 0}
    - target: {fileID: 458990, guid: 4f35fa249b5008c44ac2998be6f82d4d, type: 3}
      propertyPath: m_LocalPosition.z
      value: 0
      objectReference: {fileID: 0}
    - target: {fileID: 458990, guid: 4f35fa249b5008c44ac2998be6f82d4d, type: 3}
      propertyPath: m_LocalRotation.x
      value: 0
      objectReference: {fileID: 0}
    - target: {fileID: 458990, guid: 4f35fa249b5008c44ac2998be6f82d4d, type: 3}
      propertyPath: m_LocalRotation.y
      value: 0
      objectReference: {fileID: 0}
    - target: {fileID: 458990, guid: 4f35fa249b5008c44ac2998be6f82d4d, type: 3}
      propertyPath: m_LocalRotation.z
      value: 0
      objectReference: {fileID: 0}
    - target: {fileID: 458990, guid: 4f35fa249b5008c44ac2998be6f82d4d, type: 3}
      propertyPath: m_LocalRotation.w
      value: 1
      objectReference: {fileID: 0}
    - target: {fileID: 458990, guid: 4f35fa249b5008c44ac2998be6f82d4d, type: 3}
      propertyPath: m_RootOrder
      value: 1
      objectReference: {fileID: 0}
    - target: {fileID: 458990, guid: 4f35fa249b5008c44ac2998be6f82d4d, type: 3}
      propertyPath: m_LocalEulerAnglesHint.x
      value: 0
      objectReference: {fileID: 0}
    - target: {fileID: 458990, guid: 4f35fa249b5008c44ac2998be6f82d4d, type: 3}
      propertyPath: m_LocalEulerAnglesHint.y
      value: 0
      objectReference: {fileID: 0}
    - target: {fileID: 458990, guid: 4f35fa249b5008c44ac2998be6f82d4d, type: 3}
      propertyPath: m_LocalEulerAnglesHint.z
      value: 0
      objectReference: {fileID: 0}
    m_RemovedComponents: []
  m_SourcePrefab: {fileID: 100100000, guid: 4f35fa249b5008c44ac2998be6f82d4d, type: 3}
--- !u!4 &7726886148646890715 stripped
Transform:
  m_CorrespondingSourceObject: {fileID: 458990, guid: 4f35fa249b5008c44ac2998be6f82d4d,
    type: 3}
  m_PrefabInstance: {fileID: 7726886148646956085}
  m_PrefabAsset: {fileID: 0}
